@Book{h1886,
 title =      {The Romance of Mathematics},
 author =     {P. Hampson},
 publisher =  {Oxford Press},
 address =    {Bigg City},
 year =       {1886}
}

@Article{ah77,
 title =     {Every Planar Map is Four Colorable},
 author =    {K. Appel and W. Haken},
 journal =   {Illinois Journal of Mathematics},
 volume =    {21},
 pages =     {439--567},
 year =      {1977}
}

@Article{rsst97,
 title =     {The Four-Colour Theorem},
 author =    {N. Robertson and D. P. Sanders and P. Seymour and R. Thomas},
 journal =   {Journal of Combinatorial Theory, Series B},
 volume =    {70},
 number =    {1},
 pages =     {2--44},
 year =      {1997}
}
